<record><leader>00000cas a22000007a 4500</leader><controlfield tag="001">31184616</controlfield><controlfield tag="008">940927d19uu19uunmuwn ne      0    0eng d</controlfield><datafield ind1=" " ind2=" " tag="010"><subfield code="a">sn 94057076 </subfield></datafield><datafield ind1=" " ind2=" " tag="040"><subfield code="a">NVM</subfield><subfield code="b">eng</subfield><subfield code="c">NVM</subfield><subfield code="d">OCLCQ</subfield><subfield code="d">OCLCF</subfield><subfield code="d">OCLCO</subfield></datafield><datafield ind1="1" ind2=" " tag="029"><subfield code="a">AU@</subfield><subfield code="b">000011305777</subfield></datafield><datafield ind1=" " ind2=" " tag="042"><subfield code="a">msc</subfield></datafield><datafield ind1=" " ind2=" " tag="043"><subfield code="a">n-us-nm</subfield></datafield><datafield ind1="0" ind2=" " tag="130"><subfield code="a">Cueva (Estancia, N.M.)</subfield></datafield><datafield ind1="1" ind2="3" tag="245"><subfield code="a">La cueva.</subfield></datafield><datafield ind1=" " ind2=" " tag="260"><subfield code="a">[Estancia, N.M.] :</subfield><subfield code="b">Students of Estancia High School</subfield></datafield><datafield ind1=" " ind2=" " tag="300"><subfield code="a">v.</subfield></datafield><datafield ind1=" " ind2=" " tag="310"><subfield code="a">Weekly (during the school year)</subfield></datafield><datafield ind1=" " ind2=" " tag="588"><subfield code="a">Description based on: Vol. 6, no. 27 (May 14, 1943).</subfield></datafield><datafield ind1=" " ind2="0" tag="651"><subfield code="a">Estancia (N.M.)</subfield><subfield code="v">Newspapers.</subfield></datafield><datafield ind1=" " ind2="0" tag="651"><subfield code="a">Torrance County (N.M.)</subfield><subfield code="v">Newspapers.</subfield></datafield><datafield ind1=" " ind2="7" tag="655"><subfield code="a">Newspapers.</subfield><subfield code="2">fast</subfield><subfield code="0">(OCoLC)fst01423814</subfield></datafield><datafield ind1=" " ind2="7" tag="651"><subfield code="a">New Mexico</subfield><subfield code="z">Estancia.</subfield><subfield code="2">fast</subfield><subfield code="0">(OCoLC)fst01877846</subfield></datafield><datafield ind1=" " ind2="7" tag="651"><subfield code="a">New Mexico</subfield><subfield code="z">Torrance County.</subfield><subfield code="2">fast</subfield><subfield code="0">(OCoLC)fst01221451</subfield></datafield><datafield ind1=" " ind2=" " tag="752"><subfield code="a">United States</subfield><subfield code="b">New Mexico</subfield><subfield code="c">Torrance</subfield><subfield code="d">Estancia.</subfield></datafield></record>